@article{Banach1922,
author = {Banach, S.},
journal = {Fund. Math.},
pages = {160},
title =  {Sur les operations dans les ensembles abstraits et leur applications aux equations integrales},
volume = {3},
year = {1922}
}
@article{Kannan1969,
author = {Kannan, R.},
journal = {Am. Math. Mon.},
pages = {405--408},
title = {Some results on fixed points-II},
volume = {76},
year = {1969}
}
@article{Chatterjea1972,
author = {Chatterjea, S. K.},
journal = {C. R. Acad. Bulgare Sei.},
pages = {727--730},
title = {Fixed-point theorems},
volume = {25},
year = {1972}
}
@article{Zamfirescu1974,
author = {Zamfirescu, T.},
journal ={aequationes mathematicae},
number = {2},
pages = {138--142},
title = {Fixed point and contraction theorems in metric spaces},
volume = {11},
year = {1974}
}
@article{Zamfirescu1972,
author = {Zamfirescu, T.},
journal = {Arch. der Math.},
pages = {292--298},
title = {Fix point theorems in metric spaces},
volume = {23},
year = {1972}
}
@article{Rhoades1977,
author = {Rhoades, B. E.},
journal = {Trans. Am. Math. Soc.},
pages = {257--290},
number = {1970},
title = {A comparison of various definitions of contractive mappings},
volume = {226},
year = {1977}
}
